@article{DPD2005,
  title   = "Direct Position Determination of Multiple Radio Signals",
  journal = "EURASIP J. Adv. Signal Process",
  volume  = "1",
  pages   = "37-49",
  year    = "2005",
  doi     = "10.1155/ASP.2005.37",
  author  = "Weiss, A.J., Amar"
}

@article{Golub1973The,
  title={The Differentiation of Pseudo-Inverses and Nonlinear Least Squares Problems Whose Variables Separate},
  author={Golub, G. H. and Pereyra, V.},
  journal={Siam Journal on Numerical Analysis},
  volume={10},
  number={2},
  pages={413-432},
  year={1973},
  doi     = "10.1137/0710036"
}

@article{ISdoa2008,
  title={An Importance Sampling Maximum Likelihood Direction of Arrival Estimator},
  author={Wang H , Kay S , Saha S .},
  journal={IEEE Transactions on Signal Processing},
  volume={56},
  number={10},
  pages={5082-5092},
  year={2008},
  doi     = "10.1109/TSP.2008.928504"
}

@article{Kay2000Mean,
  title={Mean likelihood frequency estimation},
  author={Kay, S and Saha, S},
  journal={Signal Processing IEEE Transactions on},
  volume={48},
  number={7},
  pages={1937-1946},
  year={2000},
  doi     = "10.1109/78.847780"
}

@article{Saha2002Maximum,
  title={Maximum likelihood parameter estimation of superimposed chirps using Monte Carlo importance sampling},
  author={Saha, S. and Kay, S. M.},
  journal={IEEE Transactions on Signal Processing},
  volume={50},
  number={2},
  pages={224-230},
  year={2002},
  doi     = "10.1109/78.978378"
}

@article{Wang2010Maximum,
  title={Maximum Likelihood Angle-Doppler Estimator using Importance Sampling},
  author={Wang, H. and Kay, S.},
  journal={ IEEE Transactions on Aerospace and Electronic Systems},
  volume={46},
  number={2},
  pages={p.610-622},
  year={2010},
  doi     = "10.1109/TAES.2010.5461644"
}

@article{Chen2008Joint,
  title={Joint maximum-likelihood CFO and channel estimation for OFDMA uplink using importance sampling},
  author={Chen, Jianwu and Wu, Yik Chung and Chan, S. C and Ng, Tung Sang},
  journal={IEEE Transactions on Vehicular Technology},
  volume={57},
  number={6},
  pages={3462-3470},
  year={2008},
  doi     = "10.1109/TVT.2008.920473"
}

@article{Saha2002Maximum,
  title={Joint CFO and Channel Estimation for Multiuser MIMO-OFDM Systems With Optimal Training Sequences},
  author={Jianwu Chen, Yik Chung Wu, Shaodan Ma, and Tung Sang Ng},
  journal={IEEE Transactions on Signal Processing},
  volume={56},
  number={8},
  pages={4008-4019},
  year={2008},
  doi     = "10.1109/TSP.2008.925896"
}

@article{Pincus1968A,
  title={A Closed Form Solution of Certain Programming Problems},
  author={Pincus, Martin},
  journal={Operations Research},
  volume={16},
  number={3},
  pages={690-694},
  year={1968},
  doi     = "10.1287/opre.16.3.690"
}

@book{Kay2006Intuitive,
  title={Intuitive Probability and Random Processes Using MATLAB},
  author={Kay, Steven M},
  publisher={Springer Science,},
  year={2006},
  doi     = "10.1007/0-387-24158-2_20"
}